@book{Johnson:wt,
author = {Johnson, S G},
title = {{Notes on perfectly matched layers (PMLs)}},
publisher = {Massachusetts Institute of Technology}
}

@article{Butcher:1964fx,
author = {Butcher, J C},
title = {{Implicit Runge-Kutta processes}},
journal = {Mathematics of computation},
year = {1964},
volume = {18},
number = {85},
pages = {50}
}

